@misc{krantz2023africamonitor,
   title="{The Kiel Institute Africa Monitor}",
   author={Krantz, Sebastian},
   publisher={Kiel Institute for the World Economy},
   year={2023},
   url={https://africamonitor.ifw-kiel.de/}
} 

@book{worldbank2020afcfta,
  title     = {The {African} Continental Free Trade Area: Economic and Distributional Effects},
  author    = {{World Bank Group}},
  year      = {2020},
  publisher = {World Bank},
  address   = {Washington, DC},
  url       = {https://www.worldbank.org/en/topic/trade/publication/the-african-continental-free-trade-area},
}

@article{huo2022full,
  title="{Full-scale, near real-time multi-regional input--output table for the global emerging economies (EMERGING)}",
  author={Huo, Jingwen and Chen, Peipei and Hubacek, Klaus and Zheng, Heran and Meng, Jing and Guan, Dabo},
  journal={Journal of Industrial Ecology},
  volume={26},
  number={4},
  pages={1218--1232},
  year={2022},
  publisher={Wiley Online Library}
}

@article{african2018africa,
  title={Africa's infrastructure: Great potential but little impact on inclusive growth},
  author={{African Development Bank}},
  journal={African Economic Outlook},
  publisher={African Development Bank},
  year={2018},
  url={https://www.afdb.org/fileadmin/uploads/afdb/Documents/Publications/African_Economic_Outlook_2018_-_EN.pdf}
}

@article{krantz2024patterns,
  title={Patterns of global and regional integration in the East African Community},
  author={Krantz, Sebastian},
  journal={Review of World Economics},
  pages={1--80},
  year={2024},
  publisher={Springer},
  url={https://doi.org/10.1007/s10290-024-00558-0}
}


@article{krantz2024africas,
  title = {Africa's Regional and Global Integration},
  author = {Sebastian Krantz},
  journal = {SSRN Working Paper},
  year = {2024},
  url = {https://ssrn.com/abstract=4929189}
}

@article{krantz2023mapping,
  title = {Mapping {Africa’s} Infrastructure Potential with Geospatial Big Data and Causal {ML}},
  author = {Sebastian Krantz},
  journal = {Kiel Working Paper},
  number = {2276},
  year = {2024},
  url = {https://www.ifw-kiel.de/publications/mapping-africas-infrastructure-potential-with-geospatial-big-data-and-causal-ml-31834/}
}


@article{krantz2024optimal,
  title = {Optimal Investments in {Africa's} Road Network},
  author = {Sebastian Krantz},
  journal = {Kiel Working Papers},
  number = {2272},
  year = {2024},
  url = {https://www.ifw-kiel.de/publications/optimal-investments-in-africas-road-network-33157/}
}


@book{foster2010africa,
  title={Africa's infrastructure: a time for transformation},
  author={Foster, Vivien and Brice{\~n}o-Garmendia, Cecilia},
  year={2010},
  publisher={World Bank},
  url = {https://documents1.worldbank.org/curated/en/246961468003355256/pdf/521020PUB0EPI1101Official0Use0Only1.pdf}
}


@article{african2024driving,
  title={Driving Africa’s Transformation: The Reform of the Global Financial Architecture},
  author={{African Development Bank}},
  journal={African Economic Outlook},
  publisher={African Development Bank},
  year={2024},
  url={https://www.afdb.org/en/documents/african-economic-outlook-2024}
}

@misc{africapolis2024,
  author       = {{OECD/SWAC}},
  title        = {{Africapolis (database)}},
  year         = {2024},
  url          = {https://africapolis.org/en/data?menu=download},
  note         = {Accessed: 2024-11-12},
  howpublished = {\url{https://www.africapolis.org}}
}

@article{lee2022high,
  title={High-resolution poverty maps in sub-saharan africa},
  author={Lee, Kamwoo and Braithwaite, Jeanine},
  journal={World Development},
  volume={159},
  pages={106028},
  year={2022},
  publisher={Elsevier}
}

@article{nunn2012ruggedness,
  title={Ruggedness: The blessing of bad geography in Africa},
  author={Nunn, Nathan and Puga, Diego},
  journal={Review of Economics and Statistics},
  volume={94},
  number={1},
  pages={20--36},
  year={2012},
  publisher={The MIT Press}
}


@article{fajgelbaum2020optimal,
  title={Optimal transport networks in spatial equilibrium},
  author={Fajgelbaum, Pablo D and Schaal, Edouard},
  journal={Econometrica},
  volume={88},
  number={4},
  pages={1411--1452},
  year={2020},
  publisher={Wiley Online Library}
}

@article{graff2024spatial,
  title={Spatial inefficiencies in Africa’s trade network},
  author={Graff, Tilman},
  journal={Journal of Development Economics},
  pages={103319},
  year={2024},
  publisher={Elsevier}
}

@article{bajzik2020estimating,
  title={Estimating the Armington elasticity: The importance of study design and publication bias},
  author={Bajzik, Josef and Havranek, Tomas and Irsova, Zuzana and Schwarz, Jiri},
  journal={Journal of International Economics},
  volume={127},
  pages={103383},
  year={2020},
  publisher={Elsevier}
}

@article{armington1969theory,
  title={A Theory of Demand for Products Distinguished by Place of Production (Une th{\'e}orie de la demande de produits diff{\'e}renci{\'e}s d'apr{\`e}s leur origine)(Una teor{\'\i}a de la demanda de productos distingui{\'e}ndolos seg{\'u}n el lugar de producci{\'o}n)},
  author={Armington, Paul S},
  journal={Staff Papers-International Monetary Fund},
  pages={159--178},
  year={1969},
  publisher={JSTOR}
}

@article{collier2016cost,
  title={The cost of road infrastructure in low-and middle-income countries},
  author={Collier, Paul and Kirchberger, Martina and S{\"o}derbom, M{\aa}ns},
  journal={The World Bank Economic Review},
  volume={30},
  number={3},
  pages={522--548},
  year={2016},
  publisher={Oxford University Press}
}

@article{donaldson2016railroads,
  title={Railroads and American economic growth: A "market access" approach},
  author={Donaldson, Dave and Hornbeck, Richard},
  journal={The Quarterly Journal of Economics},
  volume={131},
  number={2},
  pages={799--858},
  year={2016},
  publisher={MIT Press}
}


@article{raleigh2023political,
  title={Political instability patterns are obscured by conflict dataset scope conditions, sources, and coding choices},
  author={Raleigh, Clionadh and Kishi, Roudabeh and Linke, Andrew},
  journal={Humanities and Social Sciences Communications},
  volume={10},
  number={1},
  pages={1--17},
  year={2023},
  publisher={Palgrave}
}
